% ################################################################
%    
%     ####    #####   ####   #####
%    #          #    #    #  #    #
%     ####      #    #    #  #    #
%         #     #    #    #  #####
%    #    #     #    #    #  #
%     ####      #     ####   #
%    
% You may add to this file, but you may not delete from it . . . 
%   it is used by several documents (so be careful about changing
%   entries already listed, too)
%
% ################################################################

@INPROCEEDINGS{postema87,
  AUTHOR = "Postema, G. B.",
  TITLE = "{Generation and Performance Analysis of Wideband Radar Waveforms}",
  BOOKTITLE = "Proceedings of the International Conference on Radar",
  ADDRESS = "London, UK",
  PAGES = "310--314",
  YEAR = "1987"  }

@BOOK{barShalom1,
  AUTHOR = "Bar-Shalom, Y., and Li, X. R.",
  TITLE = "Estimation and Tracking: Principles, Techniques and Software",
  PUBLISHER = "Artech House",
  ADDRESS = "Dedham, Ma",
  YEAR = "1998"  }
  
@BOOK{barShalom2,
  AUTHOR = "Bar-Shalom, Y., and Li, X. R.",
  TITLE = "Multitarget-Multisensor Tracking: Principles and Techniques",
  PUBLISHER = "YBS Publishing",
  ADDRESS = "Storrs, CT",
  YEAR = "1998"  }
  
@BOOK{blackman1,
  AUTHOR = "Blackman, S. S.",
  TITLE = "Multiple-Target Tracking with Radar Applications",
  PUBLISHER = "Artech House",
  ADDRESS = "Dedham, Ma",
  YEAR = "1986"  }

 
@BOOK{blackman2,
  AUTHOR = "Blackman, S. S., and  Popoli, R.",
  TITLE = "Design and Analysis of Modern Tracking Systems",
  PUBLISHER = "Artech House",
  ADDRESS = "Norwood, Ma",
  YEAR = "1999"  }

 
@BOOK{baugh,
  AUTHOR = "Baugh, Richard. A.",
  TITLE = "Computer Control of Modern Radars",
  PUBLISHER = "RCA",
  YEAR = "1973"  }


@BOOK{sherman84,
  AUTHOR = "Sherman, Samuel M.",
  TITLE = "Monopulse Priciples and Techniques",
  ADDRESS = "685 Canton Street, Norwood, MA 02062",
  YEAR = "1984"  }



@BOOK{openhiemShafer,
  AUTHOR = "Oppenhiem, A. V., and Shafer, R. W.",
  TITLE = "Discrete-Time Signal Processing",
  PUBLISHER = "Prentice-Hall",
  ADDRESS = "Englewood Cliffs, New Jersey",
  YEAR = "1989"  }

@ARTICLE{czarnach82,
  AUTHOR = "Czarnach, R.",
  TITLE = " {Recursive Processing by Non-CausalDigital Filters}", 
  JOURNAL = "IEEE Transactions on Acoustics, Speech, and Signal Processing",
  VOLUME = "30",
  NUMBER = "3",
  PAGES = "363--370",
  MONTH = "March",
  YEAR = "1982"  }

@ARTICLE{kumaresan91,
  AUTHOR = " Kumaresan, R. and Burrus, C. S.",
  TITLE = " {Fitting a Pole-Zero Filter Model to Arbitrary Frequency
Response Samples}", 
  JOURNAL = "IEEE ICASSP 91",
  PAGES = "1649--1652",
  YEAR = "1991"  }

@ARTICLE{powellChau91,
  AUTHOR = "Powel, S. R. and Chau, P. M.",
  TITLE = " {A Technique for Realizing Linear Phase IIR Filters}", 
  JOURNAL = "IEEE Transactions on Acoustics, Speech, and Signal Processing",
  VOLUME = "39",
  NUMBER = "11",
  PAGES = "2425--2435",
  MONTH = "Nov.",
  YEAR = "1991"  }

@ARTICLE{vanveen,
  AUTHOR = "Van Veen, B. D. and Buckley, K. M.",
  TITLE = " {Beamforming: A Versatile Approach to Spatial Filtering}", 
  JOURNAL = "IEEE ASSP Magazine",
  PAGES = "4--24",
  MONTH = "April",
  YEAR = "1988"  }

@ARTICLE{applebaum,
  AUTHOR = "Applebaum, S. P.",
  TITLE = "{Adaptive Arrays}",
  JOURNAL = "IEEE Transactions on Antennas and Propogation",
  VOLUME = "AP-24",
  PAGES = "585--598",
  MONTH = "Sept.",
  YEAR = "1976"  }

@ARTICLE{reed74,
  AUTHOR = "Reed, I. S. and Mallett, J. D. and Brennen, L. E.",
  TITLE = "{Rapid Convergence Rate in Adaptive Arrays}",
  JOURNAL = "IEEE Transactions on Aerospace and Electronic Systems",
  VOLUME = "AES-10",
  PAGES = "853--863",
  MONTH = "Nov.",
  YEAR = "1974"  }

@ARTICLE{brookner86,
  AUTHOR = "Brookner, E. and Howell, J. M.",
  TITLE = "{Adaptive---Adaptive Array Processing}",
  JOURNAL = "IEEE Proceedings",
  VOLUME = "74",
  NUMBER = "4",
  PAGES = "602--604",
  MONTH = "April",
  YEAR = "1986"  }

@ARTICLE{gabriel80,
  AUTHOR = "Gabriel, W. F.",
  TITLE = "{Spectral Analysis and Adaptive Array Superresolution Techniques}",
  JOURNAL = "IEEE Proceedings",
  VOLUME = "68",
  NUMBER = "6",
  PAGES = "654--666",
  MONTH = "June",
  YEAR = "1980"  }

@ARTICLE{frost72,
  AUTHOR = "Frost, O. L.",
  TITLE = "{``An Algorithm for Linearly Constrained Adaptive Array Processing''}",
  JOURNAL = "IEEE Proc.",
  VOLUME = "60",
  NUMBER = "8",
  PAGES = "926--935",
  MONTH = "August",
  YEAR = "1972"  }

@ARTICLE{griffiths82,
  AUTHOR = "Griffiths, L. J. and Jim, C. W.",
  TITLE = "{An Alternative Approach to Linearly Constrained Adaptive Beamforming}",
  JOURNAL = "IEEE Transactions on Antennas and Propogation",
  VOLUME = "30",
  NUMBER = "1",
  PAGES = "27--34",
  MONTH = "January",
  YEAR = "1982"  }

@ARTICLE{tseng92,
  AUTHOR = "Tseng, C. and Griffiths, L. J.",
  TITLE = "{``A Unified Approach to the Design of Linear Constraints in
  Minimum Variance Adaptive Beamformers''}",
  JOURNAL = "IEEE Trans. on Antennas and Prop.",
  VOLUME = "40",
  NUMBER = "12",
  PAGES = "1533--1542",
  MONTH = "December",
  YEAR = "1992"  }

@BOOK{hudson,
  AUTHOR = "Hudson, J. E.",
  TITLE = "Adaptive Array Principles",
  PUBLISHER = "Peter Peregrinus",
  ADDRESS = "London",
  YEAR = "1981"  }

@BOOK{widrow85,
  AUTHOR = "Widrow, B. and Stearns, S. D.",
  TITLE = "Adaptive Signal Processing",
  PUBLISHER = "Prentice-Hall",
  ADDRESS = "Englewood Cliffs, NJ",
  YEAR = "1985"  }

@BOOK{monzingo80,
  AUTHOR = "Monzingo, R. A. and Miller, T. W.",
  TITLE = "Introduction to Adaptive Arrays",
  PUBLISHER = "Wiley",
  ADDRESS = "New York",
  YEAR = "1980"  }

@ARTICLE{kay,
  AUTHOR = "Kay, S. M.",
  TITLE = "{Efficient Generation of Colored Noise}",
  JOURNAL = "IEEE Proceedings",
  VOLUME = "69",
  NUMBER = "4",
  PAGES = "480--481",
  MONTH = "April",
  YEAR = "1981"  }

@ARTICLE{Nickel:93,
  AUTHOR = "Nickel, U.",
  TITLE = "{Monopulse Estimation with Adaptive Arrays}",
  JOURNAL = "IEE Proceedings Part F",
  VOLUME = "140",
  NUMBER = "5",
  PAGES = "303--308",
  MONTH = "October",
  YEAR = "1993"  }

@ARTICLE{Zoltowski:92,
  AUTHOR = "Zoltowski, M. D.",
  TITLE = "{Synthesis of Sum and Difference Patterns Possessing Common
           Nulls for Monopulse Bearing Estimation with Line Arrays}",
  JOURNAL = "IEEE Transactions on Antennas and Propogation",
  VOLUME = "40",
  NUMBER = "1",
  PAGES = "25--37",
  MONTH = "January",
  YEAR = "1992"  }

@ARTICLE{Haupt:84,
  AUTHOR = "Haupt, R. L.",
  TITLE = "{Simultaneous Nulling in the Sum and Difference Patterns of a Monopulse Antenna}",
  JOURNAL = "IEEE Transactions on Antennas and Propogation",
  VOLUME = "32",
  NUMBER = "5",
  PAGES = "486--493",
  MONTH = "May",
  YEAR = "1984"  }

@ARTICLE{Lee:94,
  AUTHOR = "Lee, T. S.",
  TITLE = "{Simultaneous Nulling for Monopulse Array with Partially Adaptive Weights}",
  JOURNAL = "IEEE Transactions on Antennas and Propogation",
  VOLUME = "42",
  NUMBER = "7",
  PAGES = "928--935",
  MONTH = "July",
  YEAR = "1994"  }

@INPROCEEDINGS{nickel89,
  AUTHOR = "Nickel, U.",
  TITLE = "{Subarray Configurations for Interference Suppression with Phased Array Radar}",
  BOOKTITLE = "Proceedings of the International Conference on Radar",
  ADDRESS = "Paris",
  PAGES = "82--86",
  YEAR = "1989"  }

@INPROCEEDINGS{ref:blair00,
  AUTHOR = "{ W. D. Blair,  {\it et al}}",
  TITLE = "{2D Assignment Algorithms for Tracking Combat Maneuvering Aircraft With an Electronically Scanned Radar}",
  BOOKTITLE = "SPIE ",
  ADDRESS = "Orlando, FL",
  MONTH = "April",
  YEAR = "2000"  }

@TECHREPORT{ref:blair97,
  AUTHOR = "{ W. D. Blair,  {\it et al}}",
  TITLE = "{Information-Based Radar Resource Allocation: FY96 Test-of-Concept Experiment (TOCE)}",
  INSTITUTION = "Naval Surface Warfare Center",
  NUMBER = "NSWCDD/TR-97/22",
  ADDRESS = "Dahlgren, Virgina",
  MONTH = "February",
  YEAR = "1997"  }

@TECHREPORT{ref:blairBP97,
  AUTHOR = "{ W. D. Blair and M. Brandt-Pearce}",
  TITLE = "{Monopulse Processing for Tracking Unresolved Targets, Technical Report }",
  INSTITUTION = "Naval Surface Warfare Center",
  NUMBER = "NSWCDD/TR-97/167",
  ADDRESS = "Dahlgren, Virgina",
  MONTH = "September",
  YEAR = "1997"  }

@TECHREPORT{fante95,
  AUTHOR = "Fante, R. L. and Guella, T. P. and Davis R. M.",
  TITLE = "{Wideband Cancellation of Jammers in a Radar Difference Beam}",
  INSTITUTION = "MITRE",
  NUMBER = "MTR 95B0000082",
  ADDRESS = "Bedford, Mass",
  MONTH = "June",
  YEAR = "1995"  }

@UNPUBLISHED{trdp,
  AUTHOR = "",
  TITLE = "{The US-UK Technology Research and Development Projects
  Memorandum of Understanding}",
  NOTE = "{-- Project Arrangement No. US-UK-A-95-0004}",
  MONTH = "November 18,",
  YEAR = "1994"  }

@INPROCEEDINGS{mather90,
  AUTHOR = "Mather, J.",
  TITLE = "{The Incremental Multi-Parameter Algorithm}",
  BOOKTITLE = "Asilomar Conference on Signals, Systems, and Computers ",
  VOLUME = "I",
  PAGES = "364--372",
  YEAR = "1990"  }

@UNPUBLISHED{mather89,
  AUTHOR = "Mather, J.",
  TITLE = "{Performance of the IMP Array Processing Algorithm:  First Results}",
  NOTE = "{Royal Signals and Radar Establishment, Memorandum 4291}",
  MONTH = "July,",
  YEAR = "1989"  }

@MISC{mather:email,
  AUTHOR = "Mather, J.",
  NOTE = "{Personal correspondance (E-mail)}",
  MONTH = "July 9,",
  YEAR = "1996"  }

@ARTICLE{carlson88,
  AUTHOR = "Carlson, Blair D.",
  TITLE = "{Covariance Matrix Estimation Errors and Diagonal Loading in
Adaptive Arrays}",
  JOURNAL = "IEEE Transactions on Aerospace and Electronic Systems",
  VOLUME = "24",
  NUMBER = "4",
  PAGES = "397--401",
  MONTH = "July",
  YEAR = "1988"  }

@ARTICLE{boroson80,
  AUTHOR = "Boroson, D. M.",
  TITLE = "{Sample Size Considerations for Adaptive Arrays}",
  JOURNAL = "IEEE Transactions on Aerospace and Electronic Systems",
  VOLUME = "16",
  NUMBER = "4",
  PAGES = "446--451",
  MONTH = "July",
  YEAR = "1980"  }

@INPROCEEDINGS{mitchell92,
  AUTHOR = "Mitchell, Mark A. and Comisky, William J. and Howard, Robert L.",
  TITLE = "{Designing with Reduced Degrees of Freedom in the Amplitude Taper 
	    of an Array Antenna}",
  BOOKTITLE = "Journes Internationales de Nice sur les Antennes",
  ADDRESS = "Nice, France",
  MONTH = "November",
  YEAR = "1992"  }

@INPROCEEDINGS{hayward96,
  AUTHOR = "Hayward, S. D. and Negjing, L. and Siyong, Z. and Zhiwen, L.",
  TITLE = "{``Adaptive Beamforming for Rapidly Moving Arrays''}",
  BOOKTITLE = "CIE International Conf. of Radar Proc.",
  PAGES = "480-483",
  ADDRESS = "Beijing, China",
  MONTH = "October",
  YEAR = "1996"  }

@ARTICLE{hayward97,
  AUTHOR = "Hayward, S. D.",
  TITLE = "{``Effects of Motion on Adaptive Arrays''}",
  JOURNAL = "IEE Proc.-Radar, Sonar, Navig.",
  VOLUME = "144",
  NUMBER = "1",
  PAGES = "15--20",
  MONTH = "February",
  YEAR = "1997"  }

@BOOK{ref:mailloux,
  AUTHOR = "Mailloux, Robert J.",
  TITLE = "Phased Array Antenna Handbook",
  PUBLISHER = "Artech House",
  ADDRESS = "Norwood, MA",
  YEAR = "1994"  }

@INPROCEEDINGS{lin97,
  AUTHOR = "Lin, Wen-Tai and Yu, Kai-Bor",
  TITLE = "Adaptive Beamforming for Wideband Jamming Cancellation",
  BOOKTITLE = "Proc. of the IEEE Nat. Radar Conf.",
  ADDRESS = "Syracuse, NY",
  PAGES = "82--87",
  YEAR = "1997"  }

@BOOK{haykin91,
  AUTHOR = "Haykin, S.",
  TITLE = "Adaptive Filter Theory",
  PUBLISHER = "Prentice Hall",
  ADDRESS = "Englewood Cliffs, NJ",
  YEAR = "1991"  }

@BOOK{compton88,
  AUTHOR = "Compton, R. T.",
  TITLE = "Adaptive Antennas: Concepts and Performance",
  PUBLISHER = "Prentice-Hall",
  ADDRESS = "Englewood Cliffs, NJ",
  YEAR = "1988"  }

@INPROCEEDINGS{mitchell99,
  AUTHOR = "Mitchell, M. and Howard, R. and Tarran, C.",
  TITLE = "Adaptive digital beamforming (ADBF) architecture 
              for wideband phased array radars",
  BOOKTITLE = "AeroSense '99",
  MONTH = "April",
  YEAR = "1999"  }

@INPROCEEDINGS{aalfs98,
  AUTHOR = "Aalfs, D.D. and Brown, G.C. and Holder, E.J. and Beason, B.",
  TITLE = "Adaptive Digital Beamforming for Wideband Radars",
  BOOKTITLE = "Proc. 1998 Int. Radar Symp.",
  ADDRESS = "Munich",
  MONTH = "Sept.",
  YEAR = "1998"  }

@ARTICLE{nickel93,
  AUTHOR = "Nickel, U.",
  TITLE = "On the Influence of Channel Errors on Array Signal Processing
  Methods",
  JOURNAL = "{AE\"{U} Int. Journal of Electronics and Communications,}",
  VOLUME = "47",
  NUMBER = "4",
  PAGES = "209--219",
  YEAR = "1993"  }

@ARTICLE{seung05, 
author={Seung Hee Han and Jae Hong Lee}, 
journal={Wireless Communications, IEEE}, 
title={An overview of peak-to-average power ratio reduction techniques for multicarrier transmission}, 
year={2005}, 
month={April}, 
volume={12}, 
number={2}, 
pages={56-65}}


@COMMENT % KLT

@INPROCEEDINGS{Liu96Spec,  
  AUTHOR = "Liu, J. H. and Zhou, X. Y.",
  TITLE = "{Spectrum arrangement and the generalized bandpass signal direct sampling theorem}",
  BOOKTITLE = "Proc. of the 6th Intl Conf. on Signal Processing",
  ADDRESS = "Beijing, China",
  PAGES = "28--30",
  YEAR = "1996"  }

  @INPROCEEDINGS{Park02Adap,
  AUTHOR = " Park, Youngcheol and Woo, Wangmyong and Raich, Rajiv and Kenney, J. Stevenson and Zhou, G. Tong",
  TITLE = "{Adaptive predistortion linearization of RF power amplifiers using lookup tables generated from subsampled data}",
  BOOKTITLE = "Proc. of IEEE Radio and Wireless Conf. (RAWCON)",
  ADDRESS = "Boston, MA",
  PAGES = "233--236",
  YEAR = "2002"  }

@INPROCEEDINGS{Mokole,
AUTHOR="Mokoke, Eric L. and Cohen, Lawrence S.",
TITLE =  "{A summary of spectrum engineering, the why and how}",
BOOKTITLE = "2013 U.S. National Committee of URSI National Radio Science Meeting",
ADDRESS = "",
PAGES = "1",
YEAR = "January 2013" }

@INPROCEEDINGS{tokuda2014canc,
  AUTHOR = "Tokuda, Kathleen L. and Kim, Joseph H. and Baxley, Robert J. and Kenney, J. Stevenson and Cohen, Lawrence S.",
  TITLE = "Receiver cancellation of radar in radio",
  BOOKTITLE = "Proc. of the 60th Annual Meeting of the MSS Tri-Service Radar Symp.",
  ADDRESS = "Springfield, VA",
  PAGES = "",
  YEAR = "{2014, accepted for publication}"  }
   
@INPROCEEDINGS{Cohen, 
author="Cohen, L. and Daly, E. and DeGraaf, J. and Scheff, K.", 
booktitle={Waveform Diversity and Design Conference (WDD), 2010 International}, 
title={Mitigation of radar interference with WiMAX systems}, 
year={2010}, 
month={Aug}, 
pages={159--164}   }
 
@INPROCEEDINGS{Lackpour, 
author="Lackpour, A. and Luddy, M. and Winters, J.", 
booktitle={Wireless and Optical Communications Conference (WOCC), 2011 20th Annual}, 
title={Overview of interference mitigation techniques between WiMAX networks and ground based radar}, 
year={2011}, 
month={April}, 
pages={1--5}}

@INPROCEEDINGS{Kogon, 
author="Kogon, S.M. and Holder, E.J. and Williams, D.B.", 
booktitle={Signals, Systems amp; Computers, 1997. Conference Record of the Thirty-First Asilomar Conference on}, 
title={Mainbeam jammer suppression using multipath returns}, 
year={1997}, 
month={Nov}, 
volume={1}, 
pages={279--283}}

@INPROCEEDINGS{Omer, 
author="Omer, M. and Rimini, R. and Heidmann, P. and Kenney, J.S.", 
booktitle={Microwave Symposium Digest (MTT), 2011 IEEE MTT-S International}, 
title={A compensation scheme to allow full duplex operation in the presence of highly nonlinear microwave components for 4 G systems}, 
year={2011}, 
month={June}, 
pages={1--4}}

@INPROCEEDINGS{ZhuSimpl, 
author="Anding Zhu and Dooley, J. and Brazil, T.J.", 
booktitle={Microwave Symposium Digest, 2006. IEEE MTT-S International}, 
title={Simplified Volterra Series Based Behavioral Modeling of RF Power Amplifiers Using Deviation-Reduction}, 
year={2006}, 
month={June}, 
pages={1113--1116}}
   
@ARTICLE{ding, 
AUTHOR="Ding, Lei and Zhou, G.T. and Morgan, D.R. and Zhengxiang Ma and Kenney, J.S. and Jaehyeong Kim and Giardina, C.R.", 
TITLE= "{A robust digital baseband predistorter constructed using memory polynomials}", 
JOURNAL =  "IEEE Trans. on Communications", 
VOLUME = "52", 
NUMBER = "1", 
PAGES = "159--165",
MONTH = "Jan", 
YEAR= "2004" }

@ARTICLE{Raich, 
author="Raich, R. and Hua Qian and Zhou, G.T.", 
journal={Vehicular Technology, IEEE Transactions on}, 
title={Orthogonal polynomials for power amplifier modeling and predistorter design}, 
year={2004}, 
month={Sept}, 
volume={53}, 
number={5}, 
pages={1468-1479}}

@ARTICLE{Zhuprune, 
author="Anding Zhu and Pedro, J.C. and Cunha, Telmo Reis", 
journal={Microwave Theory and Techniques, IEEE Transactions on}, 
title={Pruning the Volterra Series for Behavioral Modeling of Power Amplifiers Using Physical Knowledge}, 
year={2007}, 
month={May}, 
volume={55}, 
number={5}, 
pages={813-821}}

@INPROCEEDINGS{Gazda, 
author="Gazda, J. and {Drot\'{a}r}, P. and Deumal, M. and Kocur, D. and Galajda, P.", 
journal={14th Intl. OFDM Workshopn}, 
title={Simple iterative cancellation of nonliner distortion in LFDMA system}, 
year={2009}, 
month={Sept.}, 
volume={}, 
number={}, 
pages={133--137}}

@COMMENT   author = "Gazda, J. and Drot\'{a}r, P. and Deumal, M. and Kocur, D. and Galajda, P.", 



@ARTICLE{Gregorio, 
author="F. Gregorio and Werner, S. and Cousseau, J. and Figueroa, J. and Wichmans, R.", 
journal={Signal Processing}, 
title={Receiver-side nonlinearities mitigation using an extended iterative decision-based technique},
year={2011}, 
month={August}, 
volume={91}, 
number={8}, 
pages={2042--2056}}
@COMMENT month corrected from March to August

@TECHREPORT{WiMAXForum,
author = "{WiMAX Forum}",
title={Radar/{WiMAX}\raisebox{1pt}{\tiny{\textregistered}}  network interference mitigation best practices WMF-M14-002-v01},
number={ WMF-M14-002-v01},
institution = {WiMAX Forum},
address = {Clackamas, OR},
month = {December},
year = {2010}}

@INPROCEEDINGS{Tsimbinos94, 
author="Tsimbinos, J. and Lever, K.V.", 
booktitle={Acoustics, Speech, and Signal Processing, 1994. ICASSP-94., 1994 IEEE International Conference on}, 
title={Sampling frequency requirements for identification and compensation of nonlinear systems}, 
year={1994}, 
month={Apr}, 
volume={iii}, 
pages={513--516}}
